% 11752702 
@Article{pmid11752702,
   Author="Leroy, E. M.  and Baize, S.  and Mavoungou, E.  and Apetrei, C. ",
   Title="{{S}equence analysis of the {G}{P}, {N}{P}, {V}{P}40 and {V}{P}24 genes of {E}bola virus isolated from deceased, surviving and asymptomatically infected individuals during the 1996 outbreak in {G}abon: comparative studies and phylogenetic characterization}",
   Journal="J. Gen. Virol.",
   Year="2002",
   Volume="83",
   Number="Pt 1",
   Pages="67--73",
   Month="Jan"
}
% 20198110 
@Article{pmid20198110,
   Author="Lee, J. E.  and Saphire, E. O. ",
   Title="{{E}bolavirus glycoprotein structure and mechanism of entry}",
   Journal="Future Virol",
   Year="2009",
   Volume="4",
   Number="6",
   Pages="621--635"
}
% 8622982 
@Article{pmid8622982,
   Author="Sanchez, A.  and Trappier, S. G.  and Mahy, B. W.  and Peters, C. J.  and Nichol, S. T. ",
   Title="{{T}he virion glycoproteins of {E}bola viruses are encoded in two reading frames and are expressed through transcriptional editing}",
   Journal="Proc. Natl. Acad. Sci. U.S.A.",
   Year="1996",
   Volume="93",
   Number="8",
   Pages="3602--3607",
   Month="Apr"
}
% 21987767 
@Article{pmid21987767,
   Author="Iwasa, A.  and Shimojima, M.  and Kawaoka, Y. ",
   Title="{s{G}{P} serves as a structural protein in {E}bola virus infection}",
   Journal="J. Infect. Dis.",
   Year="2011",
   Volume="204 Suppl 3",
   Pages="897--903",
   Month="Nov"
}
% jmbCASvirus
@Article{jmbCASvirus,
	Author = "Koellhoffer, J., Dai, Z. ",
	Title = "Structural Characterization of the Glycoprotein GP2 Core Domain from the CAS Virus, a Novel Arenavirus-Like Species"
	Journal="\Journal of Molecular Biology"
Y	Year = "2014"
	Volume = "426, Issue 7"
	Pages = "1452-1468"
}
% 21987767 
@Article{pmid21987767,
   Author="Iwasa, A.  and Shimojima, M.  and Kawaoka, Y. ",
   Title="{s{G}{P} serves as a structural protein in {E}bola virus infection}",
   Journal="J. Infect. Dis.",
   Year="2011",
   Volume="204 Suppl 3",
   Pages="897--903",
   Month="Nov"
}
% 22485110 
@Article{pmid22485110,
   Author="Yasuda, J. ",
   Title="{{E}bolavirus {R}eplication and {T}etherin/{B}{S}{T}-2}",
   Journal="Front Microbiol",
   Year="2012",
   Volume="3",
   Pages="111"
}
% 22485110 
@Article{pmid22485110,
   Author="Yasuda, J. ",
   Title="{{E}bolavirus {R}eplication and {T}etherin/{B}{S}{T}-2}",
   Journal="Front Microbiol",
   Year="2012",
   Volume="3",
   Pages="111"
}
% 23202446 
@Article{pmid23202446,
   Author="Brauburger, K.  and Hume, A. J.  and Muhlberger, E.  and Olejnik, J. ",
   Title="{{F}orty-five years of {M}arburg virus research}",
   Journal="Viruses",
   Year="2012",
   Volume="4",
   Number="10",
   Pages="1878--1927",
   Month="Oct"
}
% netNGlyc
@Article{netNGlyc,
	Author = "R.Gupta, E. Jung and S. Brunak",
	Title = "Prediction of N-glycosylation sites in human proteins."
	Year = 2004
}
@Article{pmid25392212,
	Author = "Mohan GS, Ye L, Monteiro A, Lin X",
	Title = "Less is More:Ebola Surface Glycoprotein Expression Levels Regulate Virus Production and infectivity.",
	Month = November
	Year = 2014
	Journal = J Virol
}
% 24473128 
@Article{pmid24473128,
   Author="Lennemann, N. J.  and Rhein, B. A.  and Ndungo, E.  and Chandran, K.  and Qiu, X.  and Maury, W. ",
   Title="{{C}omprehensive functional analysis of {N}-linked glycans on {E}bola virus {G}{P}1}",
   Journal="MBio",
   Year="2014",
   Volume="5",
   Number="1",
   Pages="e00862--00813"
}
% 24696482 
@Article{pmid24696482,
   Author="Gregory, S. M.  and Larsson, P.  and Nelson, E. A.  and Kasson, P. M.  and White, J. M.  and Tamm, L. K. ",
   Title="{{E}bolavirus entry requires a compact hydrophobic fist at the tip of the fusion loop}",
   Journal="J. Virol.",
   Year="2014",
   Volume="88",
   Number="12",
   Pages="6636--6649",
   Month="Jun"
}
% 21988835 
@Article{pmid21988835,
   Author="Sievers, F.  and Wilm, A.  and Dineen, D.  and Gibson, T. J.  and Karplus, K.  and Li, W.  and Lopez, R.  and McWilliam, H.  and Remmert, M.  and Soding, J.  and Thompson, J. D.  and Higgins, D. G. ",
   Title="{{F}ast, scalable generation of high-quality protein multiple sequence alignments using {C}lustal {O}mega}",
   Journal="Mol. Syst. Biol.",
   Year="2011",
   Volume="7",
   Pages="539"
}
% 10827456 
@Article{pmid10827456,
   Author="Rice, P.  and Longden, I.  and Bleasby, A. ",
   Title="{{E}{M}{B}{O}{S}{S}: the {E}uropean {M}olecular {B}iology {O}pen {S}oftware {S}uite}",
   Journal="Trends Genet.",
   Year="2000",
   Volume="16",
   Number="6",
   Pages="276--277",
   Month="Jun"
}
% 11697912 
@Article{pmid11697912,
   Author="Gough, J.  and Karplus, K.  and Hughey, R.  and Chothia, C. ",
   Title="{{A}ssignment of homology to genome sequences using a library of hidden {M}arkov models that represent all proteins of known structure}",
   Journal="J. Mol. Biol.",
   Year="2001",
   Volume="313",
   Number="4",
   Pages="903--919",
   Month="Nov"
}



